<record><leader>00000cas a22000007a 4500</leader><controlfield tag="001">21052392</controlfield><controlfield tag="008">900212d18891890mouwr ne      0    0eng d</controlfield><datafield ind1=" " ind2=" " tag="010"><subfield code="a">sn 90061162 </subfield></datafield><datafield ind1=" " ind2=" " tag="040"><subfield code="a">MQN</subfield><subfield code="b">eng</subfield><subfield code="c">MQN</subfield><subfield code="d">OCLCQ</subfield></datafield><datafield ind1=" " ind2=" " tag="042"><subfield code="a">msc</subfield></datafield><datafield ind1="0" ind2=" " tag="130"><subfield code="a">Sheldon news (Sheldon, Mo.)</subfield></datafield><datafield ind1="1" ind2="4" tag="245"><subfield code="a">The Sheldon news.</subfield></datafield><datafield ind1=" " ind2=" " tag="260"><subfield code="a">Sheldon, Mo. :</subfield><subfield code="b">S.L. Clayton</subfield></datafield><datafield ind1=" " ind2=" " tag="300"><subfield code="a">v.</subfield></datafield><datafield ind1=" " ind2=" " tag="310"><subfield code="a">Weekly</subfield></datafield><datafield ind1="1" ind2=" " tag="362"><subfield code="a">Began in 1889? Ceased in 1890?</subfield></datafield><datafield ind1=" " ind2=" " tag="588"><subfield code="a">Description based on: Vol. 1, no. 46 (Oct. 31, 1890).</subfield></datafield><datafield ind1=" " ind2=" " tag="752"><subfield code="a">United States</subfield><subfield code="b">Missouri</subfield><subfield code="c">Vernon</subfield><subfield code="d">Sheldon.</subfield></datafield></record>